%% (1923). 
@misc{Sola2012,
Author = {J. Solà},
Title = {Quaternion kinematics for the error-state KF},
HowPublished = {Reporte},
Year = {2012} }
%%
@article{Perrin2003,
Author = {B-E. Perrin 1, L. Ralaivola, A. Mazurie,
S. Bottani, J. Mallet and F. d'Alchché-Buc},
Title = {Gene networks inference using dynamic
Bayesian networks},
Journal = {Bioinformatics},
Volumen={19},
Number={2},
Pages = {138-148},
Year = {2003} }
%%
@article{Kong2004,
Author = {X. Kong},
Title = {INS algorithm using quaternion model for low cost IMU},	
Volume={46},
Number={1},
Pages = {221-246},
Year = {2004} }
%%
@article{Langley1999,
Author = {R. Langley,
S. Bottani, J. Mallet and F. d'Alchché-Buc},
Title = {Dilution of Precision},
Pages = {52-59},
Journal = {GPS World},
Year = {1999} }
%%
@article{Zhong2002,
Author = {G. Zhong-yu and N. Xiao-ji and G. Mei-feng},
Title = {Quaternion-Based Kalman Filter for Micro-machined
Strapdown Attitude Heading Reference System},
Volumen={5},
Number={3},
Pages = {171-175},
Journal = {Chinese Journal Aeronautic},
Year = {2002} }
%%Articulos de Mahony
@conference{Mahony2008,
Author = {B.R. Mahony and T. Hamel and J.-M Pflimlin},
Title = {Nonlinear Complementary Filters
on the Special Orthogonal Group},
Booktitle = {IEEE Transactions Automatic Control},
Pages = {1203--1218},
Volume = {53},
Year = {2008} }
%%
@conference{Mahony2006,
Author = {B.R. Mahony and T. Hamel},
Title = {Attitude estimation on $SO(3)$ based on direct inertial measurements},
Booktitle = {International Conference on Robotics and Automation, ICRA2006},
Year = {2006} }
%%
@conference{Mahony2005,
Author = {B.R. Mahony and T. Hamel and J.-M. Pflimlin},
Title = {Complementary filter design
on the special orthogonal group SO(3)},
Booktitle = {Proceedings of the IEEE
Conference on Decision and Control, CDC05},
Country ={Seville, Spain: Institute
of Electrical and Electronic Engineers},
Month = {December},
Year = {2005} }
%%
@article{Cheviron2007,
Author = {T. Cheviron and T. Hamel and R. Mahony  and G. Baldwin},
Title = {Robust nonlinear
fusion of inertial and visual data for position velocity and attitude},
Journal = {IEEE Ctr. Sys.},
Year = {2007} }
%%
@article{Noureldin2004,
Author = {A. Noureldin,R. Sharaf R., A. Osman,N. El-Sheimy},
Title = {INS/GPS data fusion technique utilizing radial basis functions neural networks},
Journal = {Position Location and Navigation Symposium},
Volume = {115},
Pages = {280--284},
Year = {2004} }
%%
@article{Kou1975,
Author = {S.R. Kou and D.L. Elliott and T.J. Tarn},
Title = {Exponential observers for nonlinear
dynamic systems},
Journal = {Information and Control},
Volume = {29},
Pages = {393--428},
Year = {1975} }
%%
@article{Thau1973,
Author = {F.E. Thau},
Title = {Observers for nonlinear
dynamic systems},
Journal = {International Journal of Control},
Volume = {17},
Pages = {471},
Year = {1975} }
%%
@article{Asadian2007,
Author = {A. Asadian, B. Moshiri, A. Khaki, C. Lucas},
Title = {Optimized Data Fusion in an Intelligent Integrated 
GPS/INS System Using Genetic Algorithm},
Journal = {World Academy of Science, Engineering and Technology},
Volume = {11},
Pages = {679--680},
Year = {2007} }
%%
@article{Faruki2000,
Author = {F. Faruqi and K. Turner},
Title = {Extended Kalman Filter synthesis for integrated global positioning/inertial navigation systems},
Journal = {EL SEVIER Applied Mathematics and Computation},
Volume = {115},
Pages = {213--227},
Year = {2000} }
%%
@article{Gandhi2007,
Author = {M. Gandhi and L. Mili},
Title = {Robust Extended Kalman Filter for Transient Tracking and outlier suppression},
Journal = {Latex Class Files},
Volume = {6},
Number = {1},
Year = {2007} }
%%
@article{Friedland1978,
Author = {B. Friedland},
Title = {Analysis strap-down navigation using quaternions},
Journal = {IEEE transactions on aerospace and electronic systems},
Volume = {14},
Number = {5},
Year = {1978} }
%%
@article{Vathsal1986,
Author = {R. Vathsal},
Title = {Analysis strap-down navigation using quaternions},
Journal = {Journal of guidance control and dynamics},
Volume = {9},
Number = {3},
Year = {1986} }
%%
@article{Nicosia1996,
Author = {S. Nicosia and P. Tomei},
Title = {Nonlinear Observer and Output Feedback Attitude Control of Spacecraft},
Journal = {IEEE Transactions on Aerospace and Electronic Systems},
Volume = {AES-28},
Number = {4},
Pages = {970--977},
Year = {1996} }
%%
@inproccedings{Smith1995,
Author = {R.H. Smith},
Title = {An H-Type Filter for GPS-Based Attitude Estimation},
Booktitle = {AAS AIAA Spaceflight
Mechanics Conference, Nuevo Mexico USA},
Volume = {134},
Year = {1995} }
%%
@inproccedings{Algrain1997,
Author = {M. Algrain and M. Lee},
Title = {Nonlinear Observer and Output Feedback Attitude Control of Spacecraft},
Booktitle = {Proceedings of
the Aerospace and Electronics Conference, Dayton Ohio-	USA},
Volume = {2},
Pages = {638--645},
Year = {1997} }
%%
@inproccedings{Lukyanov1996,
Author = {A.G. Lukyanov and S.D. Dodds and J. Vittek},
Title = {Observer-Based Attitude Control in the Sliding Mode},
Booktitle = {Proceedings of the Third International Conference on Dynamics and Control of Structures in Space},
Pages = {639--671},
Year = {1996} }
%%
@inproceedings{Marins2001,
Author ={J. Marins and X. Yun and E. Bachmann and R. McGhee and M. Zyda},
title = {An Extended Kalman Filter for Quaternion-Based Orientation Estimation Using MARG Sensors},
booktitle = {Proceedings of the 2001 IEEE/RSJ International Conference on Intelligent Robots and Systems Maui, Hawaii, USA, Oct. 29 - Nov. 03, 2001},
publisher = "IEEE", 
address = "Maui, Hawaii, USA",
pages = "2003--2011",
year = "2001"
}
%%
@article{Bistrovs2012,
author ={V. Bistrovs, A. Kluga},
title = {Adaptive Extended Kalman Filter for Aided Inertial Navigation System},
journal = {ELECTRONICS AND ELECTRICAL ENGINEERING Automations and Robotics},
pages = "37--40",
year = "2006",
number = {6}
%%
@article{Bistrovs2011,
author ={V. Bistrovs, A. Kluga},
title = {MEMS INS/GPS data fusion using particle filter},
journal = {ELECTRONICS AND ELECTRICAL ENGINEERING Automations and Robotics},
pages = "77--79",
year = "2006",
volume = {112} ,
number = {6}
}
%%
@article{Giremus2004,
author ={V. Calmettes, A. Doucet, A. Giremus, J. Tourneret},
title = {A RAO Blackwellized particle filter for INS/GPS integration},
journal = {ICASSP-IEEE},
pages = "964--967",
year = "2004",
}
@article{Benson1975,
author ={D. Benson},
title = {A comparison of two approaches to pure inertial and doppler-inertial error analysis},
journal = {IEEE aerospace and Electronic Systems},
pages = "447--455",
year = "1975",
Volume = {11},
number = {4}
}
%%
@conference{Vik2001,
author ={B. Vik and T. Fossen},
title = {A nonlinear observer for GPS and INS integration},
booktitle = {IEEE conference on Decision and control},
pages = "2956--2961",
year = "2001"
}
%%
@article{Hua2009,
author ={M. Hua},
title = {Attitude observers for accelerated rigid bodies based on GPS and INS measurements},
booktitle = {IEEE Conf. on Decision and Control},
pages = "8071--8076",
year = "2009",
}
%%
@article{Thienel2003,
author ={J. Thienel},
title = {A clipped nonlinear space craft attitude controller and observer with an unknow constad gyro bias and gyro noise},
journal = {IEEE trans. on automatic control},
pages = "2011--2015",
year = "2003",
Volume = {8}
}
%%
@article{Bonabel2008,
author ={S. Bonnabel, P. Martin and P. Rouchon},
title = {Symmetry preserving observers},
journal = {IEEE trans. on automatic control},
pages = "2514--2526",
year = "2008",
Volume = {53}
}
%%
@conference{Martin2008,
author ={P. Martin and E. Salaun},
title = {An invariant observer for earth velocity aided attitude heading reference systems},
booktitle = {IFAc World conf.},
pages = "9857--9864",
year = "2008",
Volume = {53}
}
%%
@article{Sabatini2006,
author ={A. M. Sabatini},
title = {Quaternion-Based Extended Kalman Filter for Determining Orientation by Inertial and Magnetic Sensing},
journal = {IEEE Transaction on biomedical engineering},
pages = "1346--1356",
year = "2006",
number = {7}
}
%%
@article{Gavrilets2003,
Author = { V. Gavrilets},
Title = {MIT X-Cell-60 UAV Platform EKF Estimator},
Journal = {Private Communications},
Year = {2003} }
%%
@article{Kalman1960,
Author = { R. E. Kalman},
Title = {A New Approach to Linear Filtering and Prediction Problems},
Journal = {Transactions of the ASME Journal of Basic Engineering},
Pages = {35--45},
Volume = {82},
Year = {1960} }
%%
@article{He2011,
Author = { Y. He and A. Bilgic},
Title = {Iterative least squares method for global positioning system},
Journal = {Advances in Radio Science},
Pages = {203--208},
Volume = {9},
Year = {2011} }
%%

@conference{Vasconcelos2008,
Author = {Silvestre C., Vasconcelos J. and Oliveira P.},
Title = { A nonlinear GPS/IMU observer based for rigid body attitude and position estimation},
booktitle = {IEEE conf. Decision and Control},
Pages = {1255--1260},
Year = {2008} }
%%
@article{Wiener1942,
Author = {N. Wiener},
Title = { Extrapolation, Interpolation and Smoothing of Time Series, with Engineering Applications},
Journal = {New York: Wiley / National Defense Research Council},
Year = {1942} }
%%
@article{Kolmogorov1941,
Author = {A. Kolmogorov},
Title = { Interpolation and extrapolation of stationary random sequences},
Journal = {Izv. Akad. Nauk USSR Ser. Math.},
Volume ={5},
Number={5},
Pages ={3--14},
Year = {1941} }
%%
@inbook{Warden1976,
Author = {B. Warden},
Title = {Harmony of the world 75 years of mathematics magazine: Hamilton's Discovery of Quaternions},
Publisher= {Mathematical association of American  Magazine, 143--150},
Year = {2007} }
%%
@inbook{ASPRS1994,
Author = {American Society for Photogrametry and Remote Sensing, American Congress on Surveying and Mapping},
Title = {Glossary of Mapping Sciences},
Publisher= {ASCE Publications},
Year = {1994} }
%%
@inbook{Cai2011,
Author = {G. Cai and B. Chen and T.H. Lee},
Title = {Unmanned Rotor-craft Systems: Flight Dynamics Modeling.},
Publisher= {Advances in industrial control Springer Verlag},
Pages = {99--100},
Year = {2011}
 }
%%
@inbook{Henderson2012,
Author = {A. Henderson},
Title = {Representations of Lie Algebras: An Introduction Through Gln},
Publisher= {Cambridge University Press},
pages = {10--17},
Year = {2007} }
%%
@inbook{Goodwin2000,
Author = {G. Goodwin and S. Graebe and M. Salgado},
Title = {Control System Design},
Publisher= {Universidad Técnica Federico Santa María},
Year = {2000} }
%%
@article{Merwe2004,
Author = { R. Merwe, E. Wan},
Title = {A New Approach to LinearF Filtering and Prediction Problems},
Journal = {AIAA},
Year = {2004} }
%%
@article{
Schuler1923,
Author = { M. Schuler},
Title = {Die Störung von Pendel und Kreiseilapparaten durch die Beschleunigung des Fahrzeuges},
Journal = {Physikalische Zeitschrift},
Volume = {24},
Pages = {1--16},
Year = {1923} }
%%
@book{Jekeli2001,
Author = { C. Jekeli},
Title = {Inertial Navigation System with Geodetic applications},
Publisher = {Walter de Gruyter GmbH},
Pages = {14--15},
Year = {2001} }
%%
@book{Bradford2001,
Author = { W. Bradford and J. James},
Title = {Global Positioning System: Applications and Theory},
Publisher = {AIAA},
Volumen={1},
Pages = {478-483},
Year = {2001} }
%%
@book{Altmann1986,
Author = { S. L. Altmann},
Title = {Rotations, Quaternions, and Double Groups},
Publisher = {DUDA},
Pages = {20},
Year = {1986} }
%%
@book{Bekir2007,
Author = {E. Bekir},
Title = {Introduction to Modern Navigation Systems},
Publisher = {World Scientific Publishing},
Pages = {iv},
Year = {2007} }
%%
@book{Parkinson1996,
Author = {B. Parkinson, J. Spilker},
Title = {Global Positioning System: Theory and Applications},
Publisher = {AIAA},
Year = {1996} }
%%
@book{Avriel2003,
Author = {M. Avriel},
Title = {Nonlinear programming analysis and methods},
Publisher = {Courier DOver Prublications},
Year = {2003} }
%%
@book{Lewis2012,
Author = {F. Lewis, D. Vrabie, V. Syrmos},
Title = {Optimal control:Dynamic Progamming},
Publisher = {John Wiley},
Year = {2012} }
%%
@book{Hamermesh1962,
Author = { M. Hamermesh},
Title = {Group theory and its application to physical problems},
Publisher = {Addison Wesley Publishing Company},
Year = {1962} }
%%
@book{Kuipers1999,
Author = { J. Kuipers},
Title = {Quaternions and rotation sequences: A primer with applications to orbits, aerospace and virtual reality},
Publisher = {Princeton University Press},
Year = {2002} }
%%
@book{Chen1993,
Author = { G. Chen},
Title = {Approximate Kalman Filtering
Publisher = {Singpore World Scientific},
Year = {1993} }
%%
@book{Hall1996,
Author = {E. C. Hall},
Title = {Journey to the Moon: The History of the Apollo Guidance Computer},
Publisher = {AIAA},
Year = {1996} }
%%
@book{Schmidt1966,
    Author    = { S. Schmidt},
    Title = {Applications of state space methods to navigation problems in Advances in Control Systems},
    Publisher = {NY Academic Press},
    Year = {1966}
}
%%
@book{Zogg2002,
    Author    = {J-M Zogg},
    Title = {GPS Basics: Introduction to the system
Application overview},
    Publisher = {U-blox-ag},
    Year = {2002}
}
%%
@book{Loughborough2000,
Author = {Loughborough University},
Title = {An introduction to MEMS},
Publisher = {PRIME Faraday Partnership Wolfson School of Mechanical and Manufacturing Engineering Loughborough University},
Year = {2000} }
%%
@book{Buchi2010,
Author = {R. Büchi},
Title = {State space control LQR and observer},
Publisher = {Books On Demand},
Year = {2010} }
%%
@book{Korovin2009,
Author = {K. Korovin},
Title = {State observes for linear systems with uncertainty},
Publisher = {Walter de Gruyter},
Year = {2009} }
%%
@book{Kovacevic2008,
Author = {B. Kovacevic Z. Durovic},
Title = {Fundamentals of stochastic signals systems and estimation theory},
Publisher = {Springer Verlag},
Year = {2008} }
%%
@book{Rolfe1988,
Author = {J. M. Rolfe, K. J. Staples},
Title = {Fight Simulation},
Publisher = {Cambridge University Press, Technology \& Engineering},
Year = {1988} }
%%
@book{Stewart2006,
Author = {J. Stewart},
Title = {Calculo: Conceptos y Contextos},
Publisher = {Cengage Learning Editores},
Year = {2006} }
%%
@book{Stevens2003,
Author = {B. Stevens, F. Lewis},
Title = {Aircraft control and simulation},
Publisher = {Wiley},
Year = {2003} }
%%
@techreport{Schmidt1962,
    Author = {S. Schmidt, G. Smith and L. Mcgee},
    Title = {Application of statistical filter theory to the optimal estimation of position and velocity on board a circumpolar vehicle},
    Institution = {Ames Research Center},
    Year = {1962}}
%%
@article{
LaViola2003,
Author = { J. J. LaViola},
Title = {A Comparison of Unscented and Extended Kalman Filtering for Estimating Quaternion Motion},
Journal = {IEEE},
Year = {2003} }
%%
@article{Scandaro2011a,
Author = {G. Scandaroli and P. Morin and G. Silveira},
Title = {A Nonlinear Observer Approach for Concurrent Estimation of Pose, IMU Bias and Camera-to-IMU Rotation},
Booktitle= {IEEE Intl. Conf. on Intelligent Robots and Systems},
Year = {2011} }
%%
@article{
Scandaro2011,
Author = {G. Scandaroli and P. Morin and G. Silveira},
Title = {Nonlinear Filter Design for Pose and IMU Bias Estimation},
Journal = {IEEE conf. Decision and Control},
Year = {2011} }
%%
@phdthesis{Huster2003,
Author = {A. Huster},
Title = {Relative position sensing by fusion monocular vision and
inertial rate sensors},
School = {Stanford University},
Year = {2003} }
%%
@phdthesis{Trola2009,
Author = {C. Triola},
Title = {Special Orthogonal Groups and Rotations},
School = {University of Mary Washington},
Year = {2009} }
%%
@phdthesis{Kong2000,
Author = {X. Kong},
Title = {A Comparison of Unscented and Extended Kalman Filtering for Estimating Quaternion Motion},
School = {Department of mechanical and mechatronic engineering University of Sidney},
Year = {2000} }
%%
@masterthesis{Christensen2008,
Author = {R. Christensen, N. Fogh},
Title = {Inertial Navigation System: Estimation and nonlinear control},
School = {Section of Automation and Control
Department of Electronic Systems
Faculty of Engineering, Science and Medicine},
Year = {2008} }
%%
@phdthesis{Murphy2002,
Author = {K. Murphy},
Title = {Dynamic Bayesian Networks: Representation, Inference and Learning.},
School = {Computer Science Division Univ. Berkeley},
Year = {2002} }
%%
@misc{Gaydou2008,
Author = {D. Gaydou and Javier Redolfi  and A. Henze},
Title = {Filtro complementario para estimación de actitud
aplicado al controlador embebido de un cuatrirotor},
Howpublished = {Centro de Investigación en Informática para la Ingeniería
Universidad Tecnológica Nacional - Facultad Regional Córdoba},
Year = {2008}}
%%
@misc{Yan2012,
Author = {P. Yan},
Title = {ME8281 - Advanced Control System Design},
Howpublished = {notas de curso Dpto. Mech. Eng. University of Minnesota},
Year = {2012}}
%%
@misc{AnalogDevices2009,
Author = {Inc. Analog-Devices},
Title = {Small, Low Power, 3-Axis 3g
Accelerometer ADXL335},
Howpublished = {Hoja de datos},
Year = {2009}}
%%
@misc{Liu2009,
Author = {H. Liu},
Title = {Barbalat’s Lemma},
Howpublished= {Web:Arizona University},
Year = {2009}}
%%
@misc{Wang2005,
Author = {J. Wang, J. Wang, D. Sinclair, L. Watts},
Title = {A Neural Network and Kalman Filter Hybrid Approach for 
GPS/INS Integration},
Howpublished = {School of Surveying and Spatial Information Systems, University of New South Wales, Australia},
Year = {2005}}
%%
@misc{SiRF2005,
Author = {SiRF-Technology-Inc},
Title = {NMEA Refence Manual},
Howpublished = {SiRF rev. 03 Information
Data of SiRF Products},
Year = {2005}}
%%
@misc{Mediatek2009,
Author = {MEDIATEK-Inc},
Title = {66-channel GPS Engine Board Antenna Module
with MTK Chipset},
Howpublished = {Hoja de Datos del MTK-3329},
Year = {2009}}
%%
@misc{Betke2000,
Author = {K. Betke},
Title = {the Nmea 0183 Protocol},
Howpublished = {The National Marine Electronics Association },
Year = {2000}}
%%
@misc{Kim2007,
Author = {Y. Kim},
Title = {Getting the Position and the Pose Using Stereo Vision},
HowPublished= {Aeronautics and Astronautics, Stanford University, Stanford, CA 94305},
Year = {2007} }
%%
@inproceedings{Jang2006,
Author = {J. Jang, D. Liccardo},
Title = {Automation of small UAV using a low cost MEMS sensor and embedded computing platform},
Booktitle = {Proc 25th IEEE/AIAA Digital Avionics Syst. Conf. Portland Oregon},
pages={5C6.1--5C6.9},
Year = {2006}}
%%
@article{Fiorenza2008,
Author = {T. Fiorenzani, C. Manes, G. Oriolo, P. Peliti},
Title = {Comparative study of unscented kalman filter and extended kalman filter for position/attitude estimation in unmanned aerial vehicles.},
Journal={My journals},
Year = {2008}}
%%
@ONLINE{wiki1,
Author = {Fundación-Wikipedia-Inc.},
Title = {Intensidad del campo gravitatorio.{@ONLINE}},
Year = {2013},
Url={http://es.wikipedia.org/wiki/Intensidad_del_campo_gravitatorio}
}
@ONLINE{encyclopediaofmath,
Author = {Algorithm. V.A. Uspenskii (originator)},
Title = {Encyclopedia of Mathematics.{@ONLINE} },
Year = {2013},
Url={http://www.encyclopediaofmath.org/index.php?title=Algorithm&oldid=1875}
}

@ONLINE{politico1,
Author = {Politico},
Title = {Landing crash in San Francisco Airport on Saturday.{@ONLINE}},
Year = {2013},
Url={http://www.politico.com/story/2013/07/navigation-system-flight-214-sfo-93777.html}}



